@InProceedings{StevensStirling98,
  author =       "P. Stevens and C. Stirling",
  booktitle =    "Proc.\ 4th Int.\ Conf.\ on Tools and Algorithms for the Construction and Analysis of Systems, {TACAS'98}",
  title =        "Practical Model-Checking using Games",
  editor =       "B. Steffen",
  volume =       "1384",
  publisher =    "Springer",
  pages =        "85--101",
  year =         "1998",
  series =       "LNCS",
}

@Article{Jurdzinski/98,
  author =       "M. Jurdzi{\'n}ski",
  title =        "Deciding the winner in parity games is in ${UP}\cap$co-${UP}$",
  journal =      "Inf.~Process.~Lett.",
  pages =        "119--124",
  year =         "1998",
  number =       "3",
  volume =       "68",
  publisher =    "Elsevier",
}

@Inproceedings{Jurdzinski/00,
  author =       "M. Jurdzi{\'n}ski",
  title =        "Small progress measures for solving parity games",
  booktitle =    "Proc.\ 17th Ann.\ Symp.\ on Theoretical Aspects of Computer Science, {STACS'00}",
  pages =        "290--301",
  year =         "2000",
  volume =       "1770",
  series =       "LNCS",
  editor =       "H. Reichel and S. Tison",
  publisher =    "Springer",
}

@InProceedings{SchVog00,
  author =       "D. Schmitz and J. V{\"o}ge",
  title =        "Implementation of a Strategy Improvement Algorithm for Finite-State Parity Games",
  booktitle =    "Proc.\ Int.\ Conf.\ on Implementation and Application of Automata, {CIAA'00}",
  series =       "LNCS",
  year =         "2000",
  volume =       "2088",
  pages =        "263--271",
  publisher =    "Springer",
  editor =       "S. Yu and A. Pun"
}

@InProceedings{conf/cav/VogeJ00,
  title =	"A Discrete Strategy Improvement Algorithm for Solving Parity Games",
  author =	"J. V{\"o}ge and M. Jurdzinski",
  booktitle =	"Proc.\ 12th Int.\ Conf.\ on Computer Aided Verification, {CAV'00}",
  publisher =	"Springer",
  year = 	"2000",
  volume =	"1855",
  pages =	"202--215",
  series =	"LNCS",
}


@InProceedings{conf/csl/Schewe08,
  title =	"An Optimal Strategy Improvement Algorithm for Solving Parity and Payoff Games",
  author =	"S. Schewe",
  booktitle =	"Proc.\ 17th Annual Conf.\ on Computer Science Logic (CSL 2008)",
  year = 	"2008",
  series =      "LNCS",
  volume =      "5213",
  pages =       "369--384"
}


@Article{APAL::McNaughton1993,
  title =        "Infinite games played on finite graphs",
  author =       "R. McNaughton",
  pages =        "149--184",
  journal =      "Annals of Pure and Applied Logic",
  year =         "1993",
  volume =       "65",
  number =       "2"
}

@Article{TCS::Zielonka1998,
  title =	 "Infinite games on finitely coloured graphs with applications to automata on infinite trees",
  author =	 "W. Zielonka",
  pages =	 "135--183",
  journal =	 "TCS",
  year = 	 "1998",
  volume =	 "200",
  number =	 "1--2"
}

@inproceedings{lange-gdv05,
  author =       "M. Lange",
  title =        "Solving Parity Games by a Reduction to {SAT}",
  booktitle =    "Proc.\ Int.\ Workshop on Games in Design and Verification, {GDV'05}",
  editor =       "R. Majumdar and M. Jurdzi{\'n}ski",
  year =         "2005"
}

@InProceedings{focs91*368,
  author =       "E. A. Emerson and C. S. Jutla",
  title =        "Tree Automata, $\mu$-Calculus and Determinacy",
  pages =        "368--377",
  ISBN =         "0-8186-2445-0",
  booktitle =    "Proc.\ 32nd Symp.\ on Foundations of Computer Science",
  address =      "San Juan, Puerto Rico",
  year =         "1991",
  publisher =    "IEEE"
}

@Article{Mart75,
  author =       "D. A. Martin",
  journal =      "Ann. Math.",
  keyword =      "omega",
  pages =        "363--371",
  title =        "Borel determinacy",
  volume =       "102",
  year =         "1975"
}

@Article{APAL::Martin1990,
  title =        "An extension of {Borel} determinacy",
  author =       "Donald A. Martin",
  pages =        "279--293",
  journal =      "Annals of Pure and Applied Logic",
  year =         "1990",
  volume =       "49",
  number =       "3"
}

@InProceedings{Gurevich-Harrington/82,
  author =	"Y. Gurevich and L. Harrington",
  title =	"Trees, automata, and games",
  booktitle =	"Proc.\ 14th Annual {ACM} Symp.\ on Theory of Computing, {STOC'82}",
  pages =	"60--65",
  year = 	"1982",
  publisher =	"ACM Press",
  organization = "ACM",
}

@InProceedings{Stirling95,
  author =       "C. Stirling",
  title =        "Local Model Checking Games",
  pages =        "1--11",
  booktitle =    "Proc.\ 6th Conf.\ on Concurrency Theory, {CONCUR}'95",
  series =       "LNCS",
  volume =       "962",
  publisher =    "Springer",
  year =         "1995",
}

@InProceedings{Moskewicz2001a,
  author =       "M. W. Moskewicz and C. F. Madigan and Y. Zhao and L. Zhang and S. Malik",
  title =        "{Chaff}: Engineering an Efficient {SAT} Solver",
  booktitle =    "Proc.\ 38th Design Automation Conference, {DAC'01}",
  year =         "2001",
  keyword =      "zchaff"
}

@InProceedings{JPZ06,
 author =        "M. Jurdzi\'{n}ski and M. Paterson and U. Zwick",
 title =         "A deterministic subexponential algorithm for solving parity games",
 booktitle =     "Proc.\ 17th Ann.\ ACM-SIAM Symp.\ on Discrete Algorithm, {SODA'06}",
 year =          "2006",
 pages =         "117--123",
 publisher =     "ACM",
}

@article{tarjan:146,
  author =       "R. Tarjan",
  title =        "Depth-First Search and Linear Graph Algorithms",
  publisher =    "SIAM",
  year =         "1972",
  journal =      "SIAM Journal on Computing",
  volume =       "1",
  number =       "2",
  pages =        "146--160",
}

@article{BjoerklundVorobyov/2007,
 author = {Bj\"{o}rklund,, Henrik and Vorobyov,, Sergei},
 title = {A combinatorial strongly subexponential strategy improvement algorithm for mean payoff games},
 journal = {Discrete Appl. Math.},
 volume = {155},
 number = {2},
 year = {2007},
 issn = {0166-218X},
 pages = {210--229},
 doi = {http://dx.doi.org/10.1016/j.dam.2006.04.029},
 publisher = {Elsevier Science Publishers B. V.},
 address = {Amsterdam, The Netherlands, The Netherlands}
 }

@inproceedings{DBLP:conf/stacs/BjorklundSV03,
  author =       "H. Bj{\"o}rklund and S. Sandberg and S. G. Vorobyov",
  title =        "A Discrete Subexponential Algorithm for Parity Games",
  booktitle =    "Proc.\ 20th Ann.\ Symp.\ on Theoretical Aspects of Computer Science, {STACS'03}",
  year =         "2003",
  pages =        "663--674",
  publisher =    "Springer",
  series =       "LNCS",
  volume =       "2607"
}
 
 @proceedings{lncs2500,
  title =        "Automata, Logics, and Infinite Games",
  editor =       "E. Gr{\"a}del and W. Thomas and Th. Wilke",
  publisher =    "Springer",
  series =       "LNCS",
  year =         "2002",
}

@InProceedings{Emerson93a,
  author =       "E. A. Emerson and C. S. Jutla and A. P. Sistla",
  year =         "1993",
  title =        "On Model-Checking for Fragments of $\mu$-Calculus",
  booktitle =    "Proc. 5th Conf.\ on Computer Aided Verification, {CAV'93}",
  pages =        "385--396",
  series =       "LNCS",
  publisher =    "Springer",
  volume =       "697"
}

@PhdThesis{purithesis,
  title =        "Theory of hybrid systems and discrete event systems",
  author =       "A. Puri",
  year =         "1995",
  school =       "University of California, Berkeley",
}

@inProceedings{Schewe/07/Parity,
  author	= "S. Schewe",
  title		= "Solving Parity Games in Big Steps",
  booktitle	= "Proc.\ of the 27th Int.\ Conf.\ on Foundations of Software Technology and Theoretical Computer Science, {FSTTCS'07}",
  year		= "2007",
  pages         = "449--460",
  volume        = "4855",
  publisher	= "Springer",
}

@InProceedings{conf/icalp/KahlerW08,
  title =	"Complementation, Disambiguation, and Determinization of {B}{\"u}chi Automata Unified",
  author =	"D. K{\"a}hler and Th. Wilke",
  booktitle =	"Proc.\ 35th Int.\ Coll.\ on Automata, Languages and Programming, {ICALP'08}",
  publisher =	"Springer",
  year = 	"2008",
  volume =	"5125",
  pages =	"724--735",
  series =	"LNCS",
}

@InProceedings{conf/lics/Piterman06,
  title =	"From Nondeterministic {B}{\"u}chi and {S}treett Automata to Deterministic Parity Automata",
  author =	"N. Piterman",
  publisher =	"IEEE Computer Society",
  year = 	"2006",
  booktitle =	"Proc.\ 21st Symp.\ on Logic in Computer Science, {LICS'06}",
  pages =	"255--264"
}

@InProceedings{FriedmannSI09,
  title =	"An Exponential Lower Bound for the Parity Game Strategy Improvement Algorithm as We Know it",
  author =	"O. Friedmann",
  publisher =	"IEEE",
  year = 	"2009",
  booktitle =	"Proc.\ 24th Ann. IEEE Symp.\ on Logic in Computer Science, {LICS'09}",
  pages =	"145--156",
}

@InProceedings{fl-gandalf10,
  title =	"Local Strategy Improvement for Parity Game Solving",
  author =	"O. Friedmann and M. Lange",
  booktitle =	"Proc.\ 1st Symp.\ on Games, Automata, Logic, and Formal Verification, {GandALF'10}",
  year = 	"2010",
  volume =	"25",
  pages =	"118--131",
  series =	"EPTCS",
}

@article{FriedmannL:JFCS:2011,
  author =       "O. Friedmann and M. Lange",
  title =        "Two Local Strategy Improvement Schemes for Parity Game Solving",
  journal =      "Journal of Foundations of Computer Science",
  year =         "2012",
  volume =       "23",
  number =       "3",
  pages =        "669--685",
}

@Article{AVW03,
  author =	"A.Vincent and A. Arnold and I. Walukiewicz",
  title =	"Games for Synthesis of Controllers with Partial Observations",
  journal =	"Theoretical Computer Science",
  volume =	"303",
  pages =	"7--34",
  year = 	"2003",
}

@article{HenzingerKR02,
  author    = {T. A. Henzinger and
               O. Kupferman and
               S. K. Rajamani},
  title     = {Fair Simulation},
  journal   = {Inf. Comput.},
  volume    = {173},
  number    = {1},
  year      = {2002},
  pages     = {64-81},
  ee        = {http://dx.doi.org/10.1006/inco.2001.3085},
  bibsource = {DBLP, http://dblp.uni-trier.de}
}

@inproceedings{HutagalungLL:LATA13,
  author =       "M. Hutagalung and M. Lange and E. Lozes",
  title =        "Revealing vs. Concealing: More Simulation Games for {B}{\"u}chi Inclusion",
  booktitle =    "Proc.\ 7th Int.\ Conf.\ on Language and Automata Theory and Applications, {LATA'2013}",
  year      =    "2013",
  pages     =    "347--358",
  publisher =    "Springer",
  series    =    "LNCS",
  volume    =    "7810"
}

